@article{limma1,
	Author = {Smyth, Gordon K},
	Journal = {Stat Appl Genet Mol Biol},
	Journal-Full = {Statistical applications in genetics and molecular biology},
	Pages = {Article3},
	Title = {Linear models and empirical bayes methods for assessing differential expression in microarray experiments},
	Volume = {3},
	Year = {2004},
	Bdsk-Url-1 = {http://dx.doi.org/10.2202/1544-6115.1027}
}

@incollection{limma2,
  title={Limma: linear models for microarray data},
  author={Smyth, Gordon K},
  booktitle={Bioinformatics and computational biology solutions using R and Bioconductor},
  pages={397--420},
  year={2005},
  publisher={Springer}
}

@article{limma3,
  title={limma powers differential expression analyses for RNA-sequencing and microarray studies},
  author={Ritchie, Matthew E and Phipson, Belinda and Wu, Di and Hu, Yifang and Law, Charity W and Shi, Wei and Smyth, Gordon K},
  journal={Nucleic acids research},
  pages={gkv007},
  year={2015},
  publisher={Oxford Univ Press}
}


@Article{antsr,
    title = {A Reproducible Evaluation of {ANTs} Similarity Metric Performance in Brain Image Registration},
    author = {Avants, B. B. and Tustison, N. J. and Song, G. and Cook, P. A. and Klein, A. and Gee, J. C.},
    journal = {NeuroImage},
    year = {2011},
    volume = {54},
    number = {3},
    pages = {2033â€“-2044},
    url = {http://doi.org/10.1016/j.neuroimage.2010.09.025},
  }
 
 @Article{oro.nifti,
    title = {Working with the {DICOM} and {NIfTI} Data Standards in
      {R}},
    author = {Brandon Whitcher and Volker J. Schmid and Andrew
      Thornton},
    journal = {Journal of Statistical Software},
    year = {2011},
    volume = {44},
    number = {6},
    pages = {1--28},
    url = {http://www.jstatsoft.org/v44/i06/},
  }
 


@Manual{ichseg,
title = {{ichseg}: Intracerebral Hemorrhage Segmentation of X-Ray
Computed Tomography ({CT}) Images},
author = {John Muschelli},
year = {2016},
note = {R package version 0.5.1},
}

@Manual{Rnifti,
title = {{RNifti}: Fast {R} and {C++} Access to {NIfTI} Images},
author = {Clayden, Jonathan D and Cox, Bob and Jenkinson, Mark and Reynolds, Rick and Fissell, Kate and Gailly, Jean-loup and Adler, Mark},
year = {2016},
note = {R package version 0.3.0},
url = {https://CRAN.R-project.org/package=RNifti}
}

@Article{muschelli2016pitch,
title = {{PItcHPERFeCT}: Primary Intracranial Hemorrhage Probability
Estimation using Random Forests on {CT}},
author = {John Muschelli and Elizabeth M. Sweeney and Natalie L.
Ullman and Paul Vespa and Daniel F. Hanley and Ciprian M.
Crainiceanu},
pages = {Submitted},
journal = {NeuroImage: Clinical},
year = {2016}
}

@Misc{Hornik2016,
  author        = {Kurt Hornik},
  title         = {{R} {FAQ}},
  year          = {2016},
  url           = {https://CRAN.R-project.org/doc/FAQ/R-FAQ.html}
}


@article{ruv,
	Author = {Gagnon-Bartsch, J A and Speed, T P},
	Doi = {10.1093/biostatistics/kxr034},
	Journal = {Biostatistics},
	Number = {3},
	Pages = {539--552},
	Pmid = {22101192},
	Title = {{Using control genes to correct for unwanted variation in microarray data}},
	Volume = {13},
	Year = {2012},
	Bdsk-Url-1 = {http://dx.doi.org/10.1093/biostatistics/kxr034}}
    
    
@article{batchreview,
	Author = {Leek, Jeffrey T and Scharpf, Robert B and Bravo, H{\'e}ctor Corrada and Simcha, David and Langmead, Benjamin and Johnson, W Evan and Geman, Donald and Baggerly, Keith and Irizarry, Rafael A},
	Doi = {10.1038/nrg2825},
	Journal = {Nature Reviews Genetics},
	Number = {10},
	Pages = {733--739},
	Pmid = {20838408},
	Title = {{Tackling the widespread and critical impact of batch effects in high-throughput data.}},
	Volume = {11},
	Year = {2010},
	Bdsk-Url-1 = {http://dx.doi.org/10.1038/nrg2825}}

@article{sva1,
	Author = {Leek, Jeffrey T and Storey, John D},
	Doi = {10.1371/journal.pgen.0030161},
	Journal = {PLoS Genetics},
	Number = {9},
	Pages = {1724--1735},
	Pmid = {17907809},
	Title = {{Capturing heterogeneity in gene expression studies by surrogate variable analysis}},
	Volume = {3},
	Year = {2007},
	Bdsk-Url-1 = {http://dx.doi.org/10.1371/journal.pgen.0030161}}

@article{sva2,
	Author = {Leek, Jeffrey T and Storey, John D},
	Doi = {10.1073/pnas.0808709105},
	Journal = {Proceedings of the National Academy of Sciences},
	Number = {48},
	Pages = {18718--18723},
	Pmid = {19033188},
	Title = {{A general framework for multiple testing dependence}},
	Volume = {105},
	Year = {2008},
	Bdsk-Url-1 = {http://dx.doi.org/10.1073/pnas.0808709105}}
    
@article{svapackage,
  title={The sva package for removing batch effects and other unwanted variation in high-throughput experiments},
  author={Leek, Jeffrey T and Johnson, W Evan and Parker, Hilary S and Jaffe, Andrew E and Storey, John D},
  journal={Bioinformatics},
  volume={28},
  number={6},
  pages={882--883},
  year={2012},
  publisher={Oxford Univ Press}
}

@article{combat,
  title={Adjusting batch effects in microarray expression data using empirical Bayes methods},
  author={Johnson, W Evan and Li, Cheng and Rabinovic, Ariel},
  journal={Biostatistics},
  volume={8},
  number={1},
  pages={118--127},
  year={2007},
  publisher={Biometrika Trust}
}

@article{shiny,
  title={shiny: Web Application Framework for R, 2015},
  author={Chang, Winston and Cheng, Joe and Allaire, J and Xie, Yihui and McPherson, Jonathan},
  journal={URL http://CRAN. R-project. org/package= shiny. R package version 0.11}
}

@article{rmarkdown,
  title={rmarkdown: Dynamic Documents for R},
  author={Allaire, J and Cheng, J and Xie, Yihui and McPherson, J and Chang, W and Allen, Jeff and Wickham, H and Hyndman, R},
  journal={R package version 0.5},
  year={2015}
}

@article{knitr,
  title={knitr: A general-purpose package for dynamic report generation in R},
  author={Xie, Yihui},
  journal={R package version},
  volume={1},
  number={7},
  pages={1},
  year={2013}
}

@book{ggplot2,
  title={ggplot2: elegant graphics for data analysis},
  author={Wickham, Hadley},
  year={2009},
  publisher={Springer Science \& Business Media}
}

@article{mejia2015pca,
  title={PCA leverage: outlier detection for high-dimensional functional magnetic resonance imaging data},
  author={Mejia, Amanda F and Nebel, Mary Beth and Eloyan, Ani and Caffo, Brian and Lindquist, Martin A},
  journal={arXiv preprint arXiv:1509.00882},
  year={2015}
}




@article{kirby,
  title={Multi-parametric neuroimaging reproducibility: a {3-T} resource study},
  author={Landman, Bennett A and Huang, Alan J and Gifford, Aliya and Vikram, Deepti S and Lim, Issel Anne L and Farrell, Jonathan AD and Bogovic, John A and Hua, Jun and Chen, Min and Jarso, Samson and others},
  journal={Neuroimage},
  volume={54},
  number={4},
  pages={2854--2866},
  year={2011},
  publisher={Elsevier}
}

@article{ants,
  title={A reproducible evaluation of ANTs similarity metric performance in brain image registration},
  author={Avants, Brian B and Tustison, Nicholas J and Song, Gang and Cook, Philip A and Klein, Arno and Gee, James C},
  journal={Neuroimage},
  volume={54},
  number={3},
  pages={2033--2044},
  year={2011},
  publisher={Elsevier}
}



@article{fslr,
  title={fslr: Connecting the FSL Software with R},
  author={Muschelli, John and Sweeney, Elizabeth and Lindquist, Martin and Crainiceanu, Ciprian},
  journal={The R Journal},
  volume={7},
  number={1},
  pages={163--175},
  year={2015}
}

@article{r,
  title={R: A language and environment for statistical computing},
  author = {{R Core Team}},
  organization = {R Foundation for Statistical Computing},
  year={2016},
  publisher={Vienna, Austria},
  url={https://www.r-project.org}
}

@article{gorgolewski2011nipype,
  title={Nipype: a flexible, lightweight and extensible neuroimaging data processing framework in python},
  author={Gorgolewski, Krzysztof and Burns, Christopher D and Madison, Cindee and Clark, Dav and Halchenko, Yaroslav O and Waskom, Michael L and Ghosh, Satrajit S},
  journal={Frontiers in neuroinformatics},
  volume={5},
  pages={13},
  year={2011},
  publisher={Frontiers}
}

@article{carp2012secret,
  title={The secret lives of experiments: methods reporting in the fMRI literature},
  author={Carp, Joshua},
  journal={Neuroimage},
  volume={63},
  number={1},
  pages={289--300},
  year={2012},
  publisher={Elsevier}
}

@article{bioc1,
  title={Bioconductor: open software development for computational biology and bioinformatics},
  author={Gentleman, Robert C and Carey, Vincent J and Bates, Douglas M and Bolstad, Ben and Dettling, Marcel and Dudoit, Sandrine and Ellis, Byron and Gautier, Laurent and Ge, Yongchao and Gentry, Jeff and others},
  journal={Genome biology},
  volume={5},
  number={10},
  pages={1},
  year={2004},
  publisher={BioMed Central}
}

@article{bioc2,
  title={Orchestrating high-throughput genomic analysis with Bioconductor},
  author={Huber, Wolfgang and Carey, Vincent J and Gentleman, Robert and Anders, Simon and Carlson, Marc and Carvalho, Benilton S and Bravo, Hector Corrada and Davis, Sean and Gatto, Laurent and Girke, Thomas and others},
  journal={Nature methods},
  volume={12},
  number={2},
  pages={115--121},
  year={2015},
  publisher={Nature Publishing Group}
}

@inproceedings{camino,
  title={Camino: open-source diffusion-{MRI} reconstruction and processing},
  author={Cook, PA and Bai, Y and Nedjati-Gilani, SKKS and Seunarine, KK and Hall, MG and Parker, GJ and Alexander, DC},
  booktitle={14th scientific meeting of the international society for magnetic resonance in medicine},
  volume={2759},
  year={2006},
  organization={Seattle WA, USA}
}


@article{eve,
  title={Atlas-based whole brain white matter analysis using large deformation diffeomorphic metric mapping: application to normal elderly and Alzheimer's disease participants},
  author={Oishi, Kenichi and Faria, Andreia and Jiang, Hangyi and Li, Xin and Akhter, Kazi and Zhang, Jiangyang and Hsu, John T and Miller, Michael I and van Zijl, Peter CM and Albert, Marilyn and others},
  journal={Neuroimage},
  volume={46},
  number={2},
  pages={486--499},
  year={2009},
  publisher={Elsevier}
}

@article{freesurfer,
  title={FreeSurfer},
  author={Fischl, Bruce},
  journal={Neuroimage},
  volume={62},
  number={2},
  pages={774--781},
  year={2012},
  publisher={Elsevier}
}

@article{afni,
  title={AFNI: software for analysis and visualization of functional magnetic resonance neuroimages},
  author={Cox, Robert W},
  journal={Computers and Biomedical research},
  volume={29},
  number={3},
  pages={162--173},
  year={1996},
  publisher={Elsevier}
}

@article{fsl,
  title={Advances in functional and structural MR image analysis and implementation as FSL},
  author={Smith, Stephen M and Jenkinson, Mark and Woolrich, Mark W and Beckmann, Christian F and Behrens, Timothy EJ and Johansen-Berg, Heidi and Bannister, Peter R and De Luca, Marilena and Drobnjak, Ivana and Flitney, David E and others},
  journal={Neuroimage},
  volume={23},
  pages={S208--S219},
  year={2004},
  publisher={Elsevier}
}

  @Manual{gee,
    title = {gee: Generalized Estimation Equation Solver},
    author = {Vincent J Carey. Ported to R by Thomas Lumley and Brian Ripley. Note that maintainers are not available to give advice on using a package they did not author.},
    year = {2015},
    note = {R package version 4.13-19},
    url = {http://CRAN.R-project.org/package=gee},
  }

@Article{lme4,
    title = {Fitting Linear Mixed-Effects Models Using {lme4}},
    author = {Douglas Bates and Martin M{\"a}chler and Ben Bolker and
      Steve Walker},
    journal = {Journal of Statistical Software},
    year = {2015},
    volume = {67},
    number = {1},
    pages = {1--48},
    doi = {10.18637/jss.v067.i01},
  }

@book{spm,
  title={Statistical parametric mapping: the analysis of functional brain images},
  author={Penny, William D and Friston, Karl J and Ashburner, John T and Kiebel, Stefan J and Nichols, Thomas E},
  year={2011},
  publisher={Academic press}
}

  @Manual{spm12r,
    title = {{spm12r}: Wrapper Functions for '{SPM}' (Statistical Parametric Mapping) Version 12
from the '{Wellcome}' Trust Centre for 'Neuroimaging'},
    author = {John Muschelli},
    year = {2016},
    note = {R package version 2.1},
  }


@Manual{survival-package,
    title = {A Package for Survival Analysis in S},
    author = {Terry M Therneau},
    year = {2015},
    note = {version 2.38},
    url = {https://CRAN.R-project.org/package=survival},
  }
  
 @Book{survival-book,
    title = {Modeling Survival Data: Extending the {C}ox Model},
    author = {{Terry M. Therneau} and {Patricia M. Grambsch}},
    year = {2000},
    publisher = {Springer},
    address = {New York},
    isbn = {0-387-98784-3},
  }

@article{hcp,
  title={The {WU-Minn} human connectome project: an overview},
  author={Van Essen, David C and Smith, Stephen M and Barch, Deanna M and Behrens, Timothy EJ and Yacoub, Essa and Ugurbil, Kamil and WU-Minn HCP Consortium and others},
  journal={Neuroimage},
  volume={80},
  pages={62--79},
  year={2013},
  publisher={Elsevier}
}

@article{hcpminimal,
  title={The minimal preprocessing pipelines for the Human Connectome Project},
  author={Glasser, Matthew F and Sotiropoulos, Stamatios N and Wilson, J Anthony and Coalson, Timothy S and Fischl, Bruce and Andersson, Jesper L and Xu, Junqian and Jbabdi, Saad and Webster, Matthew and Polimeni, Jonathan R and others},
  journal={Neuroimage},
  volume={80},
  pages={105--124},
  year={2013},
  publisher={Elsevier}
}



@article{oasis,
  title={OASIS is Automated Statistical Inference for Segmentation, with applications to multiple sclerosis lesion segmentation in MRI},
  author={Sweeney, Elizabeth M and Shinohara, Russell T and Shiee, Navid and Mateen, Farrah J and Chudgar, Avni A and Cuzzocreo, Jennifer L and Calabresi, Peter A and Pham, Dzung L and Reich, Daniel S and Crainiceanu, Ciprian M},
  journal={NeuroImage: clinical},
  volume={2},
  pages={402--413},
  year={2013},
  publisher={Elsevier}
}


@article{sublime,
  title={Automatic lesion incidence estimation and detection in multiple sclerosis using multisequence longitudinal MRI},
  author={Sweeney, EM and Shinohara, RT and Shea, CD and Reich, DS and Crainiceanu, CM},
  journal={American Journal of Neuroradiology},
  volume={34},
  number={1},
  pages={68--73},
  year={2013},
  publisher={Am Soc Neuroradiology}
}

@article{whitestripe,
  title={Statistical normalization techniques for magnetic resonance imaging},
  author={Shinohara, Russell T and Sweeney, Elizabeth M and Goldsmith, Jeff and Shiee, Navid and Mateen, Farrah J and Calabresi, Peter A and Jarso, Samson and Pham, Dzung L and Reich, Daniel S and Crainiceanu, Ciprian M and others},
  journal={NeuroImage: Clinical},
  volume={6},
  pages={9--19},
  year={2014},
  publisher={Elsevier}
}

@article{ravel,
  title={Removing inter-subject technical variability in magnetic resonance imaging studies},
  author={Fortin, Jean-Philippe and Sweeney, Elizabeth M and Muschelli, John and Crainiceanu, Ciprian M and Shinohara, Russell T and Alzheimer's Disease Neuroimaging Initiative and others},
  journal={NeuroImage},
  volume={132},
  pages={198--212},
  year={2016},
  publisher={Elsevier}
}



@Article{tustison_n4itk:_2010,
  title = {N4ITK: improved {N}3 bias correction},
  volume = {29},
  shorttitle = {N4ITK},
  url = {http://ieeexplore.ieee.org/xpls/abs_all.jsp?arnumber=5445030},
  number = {6},
  urldate = {2014-11-04},
  journal = {Medical Imaging, IEEE Transactions on},
  author = {Nicholas J. Tustison and Brian B. Avants and Philip A. Cook and Yuanjie Zheng and Alexander Egan and Paul A. Yushkevich and James C. Gee},
  year = {2010},
  pages = {1310--1320},
  file = {[HTML] from nih.gov:/Users/johnmuschelli/Library/Application Support/Zotero/Profiles/9yinbn16.default/zotero/storage/S5TPDAI2/PMC3071855.html:text/html;Snapshot:/Users/johnmuschelli/Library/Application Support/Zotero/Profiles/9yinbn16.default/zotero/storage/QFSXCM4K/login.html:text/html},
}


@Article{sled_nonparametric_1998,
  title = {A nonparametric method for automatic correction of intensity nonuniformity in {MRI} data},
  volume = {17},
  url = {http://ieeexplore.ieee.org/xpls/abs_all.jsp?arnumber=668698},
  number = {1},
  urldate = {2014-09-18},
  journal = {Medical Imaging, IEEE Transactions on},
  author = {John G. Sled and Alex P. Zijdenbos and Alan C. Evans},
  year = {1998},
  keywords = {Anatomy, automated data analysis, biomedical NMR, Brain, Coils, Data analysis, Humans, intensity nonuniformity automatic correction, In vivo, Magnetic resonance, Magnetic Resonance Imaging, medical diagnostic imaging, medical image processing, model assumptions, Models, Theoretical, MRI, multiplicative bias field, nonparametric method, pathological data, Pathology, pulse sequence, Radio frequency, Robustness, tissue classes, tissue model, true tissue intensities distibution},
  pages = {87--97},
  file = {IEEE Xplore Abstract Record:/Users/johnmuschelli/Library/Application Support/Zotero/Profiles/9yinbn16.default/zotero/storage/DVXJFXWB/abs_all.html:text/html;[PDF] from researchgate.net:/Users/johnmuschelli/Library/Application Support/Zotero/Profiles/9yinbn16.default/zotero/storage/AW5SM7S5/Sled et al. - 1998 - A nonparametric method for automatic correction of.pdf:application/pdf;Sled et al. - 1998 - A nonparametric method for automatic correction of.pdf:/Users/johnmuschelli/Library/Application Support/Zotero/Profiles/9yinbn16.default/zotero/storage/T6Q6TIW7/Sled et al. - 1998 - A nonparametric method for automatic correction of.pdf:application/pdf;Snapshot:/Users/johnmuschelli/Library/Application Support/Zotero/Profiles/9yinbn16.default/zotero/storage/S28825PJ/cookiedetectresponse.html:text/html},
}


@Article{zhang_segmentation_2001,
  title = {Segmentation of brain {MR} images through a hidden {Markov} random field model and the expectation-maximization algorithm},
  volume = {20},
  url = {http://ieeexplore.ieee.org/xpls/abs_all.jsp?arnumber=906424},
  number = {1},
  urldate = {2014-09-09},
  journal = {Medical Imaging, IEEE Transactions on},
  author = {Yongyue Zhang and Michael Brady and Stephen Smith},
  year = {2001},
  pages = {45--57},
  file = {[PDF] from uwo.ca:/Users/johnmuschelli/Library/Application Support/Zotero/Profiles/9yinbn16.default/zotero/storage/D3FV5QKB/Zhang et al. - 2001 - Segmentation of brain MR images through a hidden M.pdf:application/pdf;Snapshot:/Users/johnmuschelli/Library/Application Support/Zotero/Profiles/9yinbn16.default/zotero/storage/RDFWQETM/login.html:text/html},
}

  @Manual{voxel,
    title = {voxel: Mass-Univariate Voxelwise Analysis of Medical Imaging Data},
    author = {Angel {Garcia de la Garza} and Simon Vandekar and David Roalf and Kosha Ruparel and Ruben Gur and Raquel Gur and Theodore Satterthwaite and R. Taki Shinohara},
    year = {2016},
    note = {R package version 1.2.1},
    url = {https://CRAN.R-project.org/package=voxel},
  }


  @Manual{dcm2niir,
    title = {dcm2niir: Conversion of 'DICOM' to 'NIfTI' Imaging Files Through R},
    author = {John Muschelli},
    year = {2016},
    note = {R package version 0.3.3},
    url = {https://www.nitrc.org/plugins/mwiki/index.php/dcm2nii:MainPage},
  }


@article{dramms,
  title={DRAMMS: Deformable registration via attribute matching and mutual-saliency weighting},
  author={Ou, Yangming and Sotiras, Aristeidis and Paragios, Nikos and Davatzikos, Christos},
  journal={Medical image analysis},
  volume={15},
  number={4},
  pages={622--639},
  year={2011},
  publisher={Elsevier}
}

@article{fa,
  title={A unifying theoretical and algorithmic framework for least squares methods of estimation in diffusion tensor imaging},
  author={Koay, Cheng Guan and Chang, Lin-Ching and Carew, John D and Pierpaoli, Carlo and Basser, Peter J},
  journal={Journal of Magnetic Resonance},
  volume={182},
  number={1},
  pages={115--125},
  year={2006},
  publisher={Elsevier}
}

  @Manual{extrantsr,
    title = {{extrantsr}: Extra Functions to Build on the {ANTsR} Package},
    author = {John Muschelli},
    note = {R package version 2.8},
   year={2016},   
    url = {https://github.com/muschellij2/extrantsr}
  }


  @Manual{EveTemplate,
    title = {{EveTemplate}: {JHU-MNI-ss} ({Eve}) template},
    author = {Fortin, Jean-Philippe and Muschelli, John and Shinohara, R. Taki},
    note = {R package version 0.99.14},
   year={2016},   
    url = {https://github.com/Jfortin1/EveTemplate}
  }

  @Manual{MNITemplate,
    title = {{MNITemplate}: {MNI152} template},
    author = {Fortin, Jean-Philippe and Muschelli, John and Shinohara, R. Taki},
    note = {R package version 0.99.4},
   year={2016},   
    url = {https://github.com/Jfortin1/MNITemplate}
  }
  
@inproceedings{mni,
  title={Symmetric atlasing and model based segmentation: an application to the hippocampus in older adults},
  author={Grabner, G{\"u}nther and Janke, Andrew L and Budge, Marc M and Smith, David and Pruessner, Jens and Collins, D Louis},
  booktitle={International Conference on Medical Image Computing and Computer-Assisted Intervention},
  pages={58--66},
  year={2006},
  organization={Springer}
}  

  @Manual{devtools,
    title = {{devtools}: Tools to Make Developing {R} Packages Easier},
    author = {Hadley Wickham and Winston Chang},
    note = {R package version 1.12.0.9000},
    url = {https://github.com/hadley/devtools},
  }


  @Manual{neurobase,
    title = {{neurobase}: '{Neuroconductor}' Base Package with Helper Functions for '{nifti}' Objects},
    author = {John Muschelli},
       year = {2016}, 
    note = {R package version 1.9.1},
  }


  @Manual{rcamino,
    title = {{rcamino}: Port of the {Camino} Software},
    author = {John Muschelli},
       year = {2016},     
    note = {R package version 0.3.1},
  }

  @Manual{rgl,
    title = {{rgl}: {3D} Visualization Using {OpenGL}},
    author = {Daniel Adler and Duncan Murdoch and {others}},
    year = {2016},
    note = {R package version 0.96.0},
    url = {https://CRAN.R-project.org/package=rgl},
  }
  
  
  @article{itk,
  title={Engineering and algorithm design for an image processing API: a technical report on ITK-the insight toolkit},
  author={Yoo, Terry S and Ackerman, Michael J and Lorensen, William E and Schroeder, Will and Chalana, Vikram and Aylward, Stephen and Metaxas, Dimitris and Whitaker, Ross},
  journal={Studies in health technology and informatics},
  pages={586--592},
  year={2002},
  publisher={IOS Press; 1999}
}


@article{wang2013multi,
  title={Multi-atlas segmentation with joint label fusion and corrective learningâ€”an open source implementation},
  author={Wang, Hongzhi and Yushkevich, Paul},
  journal={Frontiers in neuroinformatics},
  volume={7},
  pages={27},
  year={2013},
  publisher={Frontiers}
}

@article{atropos,
  title={An open source multivariate framework for n-tissue segmentation with evaluation on public data},
  author={Avants, Brian B and Tustison, Nicholas J and Wu, Jue and Cook, Philip A and Gee, James C},
  journal={Neuroinformatics},
  volume={9},
  number={4},
  pages={381--400},
  year={2011},
  publisher={Springer}
}

@article{itkreg,
  title={The Insight ToolKit image registration framework},
  author={Avants, Brian B and Tustison, Nicholas J and Stauffer, Michael and Song, Gang and Wu, Baohua and Gee, James C},
  journal={Frontiers in neuroinformatics},
  volume={8},
  pages={44},
  year={2014},
  publisher={Frontiers}
}

@article{RIPMMARC,
  title={Decomposing cerebral blood flow MRI into functional and structural components: A non-local approach based on prediction},
  author={Kandel, Benjamin M and Wang, Danny JJ and Detre, John A and Gee, James C and Avants, Brian B},
  journal={NeuroImage},
  volume={105},
  pages={156--170},
  year={2015},
  publisher={Elsevier}
}

@article{eigenanat,
  title={Relating brain anatomy and cognitive ability using a multivariate multimodal framework},
  author={Cook, Philip A and McMillan, Corey T and Avants, Brian B and Peelle, Jonathan E and Gee, James C and Grossman, Murray},
  journal={NeuroImage},
  volume={99},
  pages={477--486},
  year={2014},
  publisher={Elsevier}
}

@article{canoncorr,
  title={Sparse canonical correlation analysis relates network-level atrophy to multivariate cognitive measures in a neurodegenerative population},
  author={Avants, Brian B and Libon, David J and Rascovsky, Katya and Boller, Ashley and McMillan, Corey T and Massimo, Lauren and Coslett, H Branch and Chatterjee, Anjan and Gross, Rachel G and Grossman, Murray},
  journal={Neuroimage},
  volume={84},
  pages={698--711},
  year={2014},
  publisher={Elsevier}
}

@article{linda,
  title={Automated segmentation of chronic stroke lesions using {LINDA}: lesion identification with neighborhood data analysis},
  author={Pustina, Dorian and Coslett, H and Turkeltaub, Peter E and Tustison, Nicholas and Schwartz, Myrna F and Avants, Brian},
  journal={Human brain mapping},
  year={2016},
  publisher={Wiley Online Library}
}

@article{aslbold,
  title={Reproducibility of functional network metrics and network structure: a comparison of task-related {BOLD}, resting {ASL} with {BOLD} contrast, and resting cerebral blood flow},
  author={Weber, Matthew J and Detre, John A and Thompson-Schill, Sharon L and Avants, Brian B},
  journal={Cognitive, Affective, \& Behavioral Neuroscience},
  volume={13},
  number={3},
  pages={627--640},
  year={2013},
  publisher={Springer}
}

@article{rcpp,
  title={{Rcpp}: Seamless {R} and {C++} integration},
  author={Eddelbuettel, Dirk and Fran{\c{c}}ois, Romain and Allaire, J and Chambers, John and Bates, Douglas and Ushey, Kevin},
  journal={Journal of Statistical Software},
  volume={40},
  number={8},
  pages={1--18},
  year={2011}
}

  @Manual{rniftyreg,
    title = {{RNiftyReg}: Image Registration Using the {NiftyReg} Library},
    author = {Clayden, Jonathan D and Modat, Marc and Daga, Pankaj and others},
    year = {2016},
    note = {R package version 2.4.1},
    url = {https://CRAN.R-project.org/package=RNiftyReg},
  }


@article{le2001diffusion,
  title={Diffusion tensor imaging: concepts and applications},
  author={Le Bihan, Denis and Mangin, Jean-Fran{\c{c}}ois and Poupon, Cyril and Clark, Chris A and Pappata, Sabina and Molko, Nicolas and Chabriat, Hughes},
  journal={Journal of magnetic resonance imaging},
  volume={13},
  number={4},
  pages={534--546},
  year={2001},
  publisher={Wiley Online Library}
}

@article{basser1994mr,
  title={MR diffusion tensor spectroscopy and imaging},
  author={Basser, Peter J and Mattiello, James and LeBihan, Denis},
  journal={Biophysical journal},
  volume={66},
  number={1},
  pages={259--267},
  year={1994},
  publisher={Elsevier}
}

@article{o2011introduction,
  title={An introduction to diffusion tensor image analysis},
  author={Oâ€™Donnell, Lauren J and Westin, Carl-Fredrik},
  journal={Neurosurgery clinics of North America},
  volume={22},
  number={2},
  pages={185--196},
  year={2011},
  publisher={Elsevier}
}

@article{li2016dicom,
  title={The first step for neuroimaging data analysis: {DICOM} to {NIfTI} conversion},
  author={Li, Xiangrui and Morgan, Paul S and Ashburner, John and Smith, Jolinda and Rorden, Christopher},
  journal={Journal of Neuroscience Methods},
  volume={264},
  pages={47--56},
  year={2016},
  publisher={Elsevier}
}

@manual{divest,
  title={{divest}: Get images out of {DICOM} format quickly},
  author={Clayden, Jonathan D and Rorden, Christopher},
  year={2017},
  note={R package version 0.2.0},
  url={https://CRAN.R-project.org/package=divest}
}

@article{tabelow2011packages,
  title={Image analysis and statistical inference in neuroimaging with {R}},
  author={Tabelow, Karsten and Clayden, Jonathan D and Lafaye de Micheaux, Pierre and Polzehl, J\"{o}rg and Schmid, Volker J and Whitcher, Brandon J},
  year={2011},
  journal={NeuroImage},
  volume={55},
  number={4},
  pages={1686--1693}
}

@article{tractor,
  title={{TractoR}: Magnetic Resonance Imaging and Tractography with {R}},
  author={Clayden, Jonathan D and Mu\~{n}oz Maniega, Susana and Storkey, Amos J and King, Martin D and Bastin, Mark E and Clark, Chris A},
  year={2011},
  journal={Journal of Statistical Software},
  volume={44},
  number={8},
  pages={1--18}
}


@article{magma2011,
  title={A {Bayesian} hierarchical model for {DCE-MRI} to evaluate treatment response in a phase {II} study in advanced squamous cell carcinoma of the head and neck},
  author={Whitcher, Brandon and Schmid, Volker J and Collins, David J and Orton, Matthew R and Koh, Dow-Mu and de Corcuera, Isabela Diaz and Parera, Marta and del Campo, Josep M and Leach, Martin O and Harrington, Kevin and others},
  journal={Magnetic Resonance Materials in Physics, Biology and Medicine},
  volume={24},
  number={2},
  pages={85--96},
  year={2011},
  publisher={Springer}
}

@article{ieeetmi2006,
  title={Bayesian methods for pharmacokinetic models in dynamic contrast-enhanced magnetic resonance imaging},
  author={Schmid, Volker J and Whitcher, Brandon and Padhani, Anwar R and Taylor, N Jane and Yang, Guang-Zhong},
  journal={IEEE transactions on medical imaging},
  volume={25},
  number={12},
  pages={1627--1636},
  year={2006},
  publisher={IEEE}
}

@article{PERCIST,
  title={From {RECIST} to {PERCIST}: evolving considerations for {PET} response criteria in solid tumors},
  author={Wahl, Richard L and Jacene, Heather and Kasamon, Yvette and Lodge, Martin A},
  journal={Journal of nuclear medicine},
  volume={50},
  number={Suppl 1},
  pages={122S--150S},
  year={2009},
  publisher={Soc Nuclear Med}
}



@Book{bennett2012miccai,
    author = {Bennett Allan Landman and Annemie Ribbens and Blake Lucas and Christos Davatzikos and Brian Avants and Christian Ledig and Da Ma and Daniel Rueckert and Dirk Vandermeulen and Frederik Maes and Guray Erus and Jiahui Wang and Holly Holmes and Hongzhi Wang and Jimit Doshi and Joe Kornegay and Jose Manjon and Alexander Hammers and Alireza Akhondi-Asl and Andrew J. Asman},
    title = {MICCAI 2012 Workshop on Multi-Atlas Labeling},
    publisher = {CreateSpace Independent Publishing Platform},
    year = {2012},
    isbn = {1479126187},
  }



@article{fonov2011unbiased,
  title={Unbiased average age-appropriate atlases for pediatric studies},
  author={Fonov, Vladimir and Evans, Alan C and Botteron, Kelly and Almli, C Robert and McKinstry, Robert C and Collins, D Louis and Brain Development Cooperative Group and others},
  journal={NeuroImage},
  volume={54},
  number={1},
  pages={313--327},
  year={2011},
  publisher={Elsevier}
}

@article{fonov2009unbiased,
  title={Unbiased nonlinear average age-appropriate brain templates from birth to adulthood},
  author={Fonov, Vladimir S and Evans, Alan C and McKinstry, Robert C and Almli, CR and Collins, DL},
  journal={NeuroImage},
  volume={47},
  pages={S102},
  year={2009},
  publisher={Academic Press}
}

